@Manual{citeR,
    title = {R: A Language and Environment for Statistical Computing},
    author = {{R Core Team}},
    organization = {R Foundation for Statistical Computing},
    address = {Vienna, Austria},
    year = {2020},
    url = {https://www.R-project.org/},
    
  }
  
  
@Article{moreau_wang_2022, 
    title = {Police-reported hate crime in Canada, 2020}, 
    journal = {Government of Canada, Statistics Canada}, 
    publisher = {Government of Canada, Statistics Canada}, 
    author = {Moreau, Gregory and Wang, Jing Hui}, 
    year = {2022}, 
    month = {Mar},
     url = {https://www150.statcan.gc.ca/n1/pub/85-002-x/2022001/article/00005-eng.htm},
  
  }
  
  
@Article{government_of_canada_2022, 
  title={2022 Annual Report to Parliament on Immigration }, 
  journal={Government of Canada}, 
  publisher={Government of Canada}, 
  year={2022},
  month={Nov},
  url={https://www.canada.ca/en/immigration-refugees-citizenship/corporate/publications-manuals/annual-report-parliament-immigration-2022.html},
 
   } 
   
   
@Article{main_paper, 
  title = {Hate Crimes and Gender Imbalances: Fears Over Mate Competition and Violence Against Refugees}, 
  volume = {66}, 
  number = {2}, 
  journal = {American Journal of Political Science}, 
  author = {Dancygier, Rafaela and Egami, Naoki and Jamal, Amaney and Rischke, Ramona}, 
  year = {2021}, 
  month = {Mar}, 
  pages = {501–515},
  DOI = {10.1111/ajps.12595}, 
 
  } 
  
 @Article{tidyverse,
    title = {Welcome to the {tidyverse}},
    author = {Hadley Wickham and Mara Averick and Jennifer Bryan and Winston Chang and Lucy D'Agostino McGowan and Romain François and Garrett Grolemund and Alex Hayes and Lionel Henry and Jim Hester and Max Kuhn and Thomas Lin Pedersen and Evan Miller and Stephan Milton Bache and Kirill Müller and Jeroen Ooms and David Robinson and Dana Paige Seidel and Vitalie Spinu and Kohske Takahashi and Davis Vaughan and Claus Wilke and Kara Woo and Hiroaki Yutani},
    year = {2019},
    journal = {Journal of Open Source Software},
    volume = {4},
    number = {43},
    pages = {1686},
    doi = {10.21105/joss.01686},
  }
 
   @Manual{readr,
    title = {readr: Read Rectangular Text Data},
    author = {Hadley Wickham and Jim Hester and Jennifer Bryan},
    year = {2023},
    note = {R package version 2.1.4},
    url = {https://CRAN.R-project.org/package=readr},
  }


  @Manual{here,
    title = {here: A Simpler Way to Find Your Files},
    author = {Kirill Müller},
    year = {2020},
    note = {R package version 1.0.1},
    url = {https://CRAN.R-project.org/package=here},
  }
  
  @Manual{readstata13,
    title = {readstata13: Import 'Stata' Data Files},
    author = {Jan Marvin Garbuszus and Sebastian Jeworutzki},
    year = {2021},
    note = {R package version 0.10.0},
    url = {https://CRAN.R-project.org/package=readstata13},
  }
  
  
   @Book{MASS,
    title = {Modern Applied Statistics with S},
    author = {W. N. Venables and B. D. Ripley},
    publisher = {Springer},
    edition = {Fourth},
    address = {New York},
    year = {2002},
    note = {ISBN 0-387-95457-0},
    url = {https://www.stats.ox.ac.uk/pub/MASS4/},
  }
  
  @Article{sandwich,
    title = {Various Versatile Variances: An Object-Oriented
      Implementation of Clustered Covariances in {R}},
    author = {Achim Zeileis and Susanne K\"oll and Nathaniel Graham},
    journal = {Journal of Statistical Software},
    year = {2020},
    volume = {95},
    number = {1},
    pages = {1--36},
    doi = {10.18637/jss.v095.i01},
  }
  @Article{sandwich,
    title = {Econometric Computing with {HC} and {HAC} Covariance
      Matrix Estimators},
    author = {Achim Zeileis},
    journal = {Journal of Statistical Software},
    year = {2004},
    volume = {11},
    number = {10},
    pages = {1--17},
    doi = {10.18637/jss.v011.i10},
  }
  @Article{sandwich,
    title = {Object-Oriented Computation of Sandwich Estimators},
    author = {Achim Zeileis},
    journal = {Journal of Statistical Software},
    year = {2006},
    volume = {16},
    number = {9},
    pages = {1--16},
    doi = {10.18637/jss.v016.i09},
  } 
  
 @Article{lmtest,
    title = {Diagnostic Checking in Regression Relationships},
    author = {Achim Zeileis and Torsten Hothorn},
    journal = {R News},
    year = {2002},
    volume = {2},
    number = {3},
    pages = {7--10},
    url = {https://CRAN.R-project.org/doc/Rnews/},
  }
 
@Manual{pBrackets,
    title = {pBrackets: Plot Brackets},
    author = {Andreas Schulz},
    year = {2021},
    note = {R package version 1.0.1},
    url = {https://CRAN.R-project.org/package=pBrackets},
  }
